<record><leader>00000cas a22000007a 4500</leader><controlfield tag="001">11901469</controlfield><controlfield tag="008">850410d18511854ohudn ne      0    0eng d</controlfield><datafield ind1=" " ind2=" " tag="010"><subfield code="a">sn 85025779 </subfield></datafield><datafield ind1=" " ind2=" " tag="040"><subfield code="a">NPX</subfield><subfield code="b">eng</subfield><subfield code="c">NPX</subfield><subfield code="d">ONP</subfield><subfield code="d">MGN</subfield><subfield code="d">OCLCQ</subfield></datafield><datafield ind1=" " ind2=" " tag="042"><subfield code="a">msc</subfield></datafield><datafield ind1="0" ind2=" " tag="130"><subfield code="a">Daily Cincinnati Atlas (Cincinnati, Ohio : 1851)</subfield></datafield><datafield ind1="1" ind2="0" tag="245"><subfield code="a">Daily Cincinnati Atlas.</subfield></datafield><datafield ind1=" " ind2=" " tag="260"><subfield code="a">Cincinnati [Ohio] :</subfield><subfield code="b">John D. Caldwell &amp; Co.</subfield></datafield><datafield ind1=" " ind2=" " tag="300"><subfield code="a">v.</subfield></datafield><datafield ind1=" " ind2=" " tag="310"><subfield code="a">Daily (except Sun.)</subfield></datafield><datafield ind1="1" ind2=" " tag="362"><subfield code="a">Began in 1851? Ceased in 1854.</subfield></datafield><datafield ind1=" " ind2=" " tag="500"><subfield code="a">Whig, &lt;1852&gt;.</subfield></datafield><datafield ind1=" " ind2=" " tag="500"><subfield code="a">Published a triweekly ed. (title unknown).</subfield></datafield><datafield ind1=" " ind2=" " tag="500"><subfield code="a">Editor: Henry Reed, &lt;1852&gt;.</subfield></datafield><datafield ind1=" " ind2=" " tag="588"><subfield code="a">Description based on: Vol. 17, no. 3772 (Mar. 8, 1852).</subfield></datafield><datafield ind1=" " ind2=" " tag="752"><subfield code="a">United States</subfield><subfield code="b">Ohio</subfield><subfield code="c">Hamilton</subfield><subfield code="d">Cincinnati.</subfield></datafield><datafield ind1="0" ind2=" " tag="775"><subfield code="t">Weekly Cincinnati Atlas</subfield><subfield code="w">(DLC)sn 84024183</subfield></datafield><datafield ind1="0" ind2="0" tag="780"><subfield code="t">Daily chronicle and Atlas</subfield><subfield code="w">(DLC)sn 84024182</subfield></datafield></record>